<?xml version="1.0" encoding="UTF-8"?><record xmlns="http://www.loc.gov/MARC21/slim" xmlns:cinclude="http://apache.org/cocoon/include/1.0" xmlns:zs="http://www.loc.gov/zing/srw/">
  <leader>00690cz  a2200193n  4500</leader>
  <controlfield tag="001">nr 97029927 </controlfield>
  <controlfield tag="003">DLC</controlfield>
  <controlfield tag="005">19970828052506.8</controlfield>
  <controlfield tag="008">970822n| acaaaaaa|          |a ana     c</controlfield>
  <datafield tag="010" ind1=" " ind2=" ">
    <subfield code="a">nr 97029927 </subfield>
  </datafield>
  <datafield tag="040" ind1=" " ind2=" ">
    <subfield code="a">UPB</subfield>
    <subfield code="c">UPB</subfield>
    <subfield code="d">UPB</subfield>
  </datafield>
  <datafield tag="130" ind1=" " ind2="0">
    <subfield code="a">General series (Laboratory of Anthropology (Museum of New Mexico))</subfield>
  </datafield>
  <datafield tag="410" ind1="2" ind2="0">
    <subfield code="a">Laboratory of Anthropology (Museum of New Mexico).</subfield>
    <subfield code="t">General series</subfield>
  </datafield>
  <datafield tag="642" ind1=" " ind2=" ">
    <subfield code="a">bull. no. 16</subfield>
    <subfield code="5">UPB</subfield>
  </datafield>
  <datafield tag="643" ind1=" " ind2=" ">
    <subfield code="a">Santa Fe, N.M.</subfield>
    <subfield code="b">Laboratory of Anthropology</subfield>
  </datafield>
  <datafield tag="644" ind1=" " ind2=" ">
    <subfield code="a">f</subfield>
    <subfield code="5">UPB</subfield>
  </datafield>
  <datafield tag="645" ind1=" " ind2=" ">
    <subfield code="a">t</subfield>
    <subfield code="5">UPB</subfield>
  </datafield>
  <datafield tag="646" ind1=" " ind2=" ">
    <subfield code="a">s</subfield>
    <subfield code="5">UPB</subfield>
  </datafield>
  <datafield tag="670" ind1=" " ind2=" ">
    <subfield code="a">Cloth-strip blankets of the Navajo, c1945:</subfield>
    <subfield code="b">t.p. (General series. Bulletin no. sixteen, Laboratory of Anthropology, Sante Fe, New Mexico)</subfield>
  </datafield>
</record>